@online{securepackage,
    title = {Blocket {S}ecure {P}ackage ({S}wedish)},
    author = {Blocket},
    url = {https://www.blocket.se/blocketpaketet/blocketpaketet.htm},
    addendum = {(accessed: 15.02.2018)},
    year = {2018}
}

@article{buterin2013ethereum,
  	title = {Ethereum White Paper},
  	author = {Buterin, Vitalik and others},
    journal = {Ethereum GitHub wiki},
  	url = {https://github.com/ethereum/wiki/wiki/White-Paper},
    addendum = {(accessed: 15.02.2018)},
 	year = {2013}
}

@article{blockchaingreatestinvention,
  	title = {Blockchain Technology is the Most Significant Invention since the Internet and Electricity},
  	author = {Metry, Mark},
    journal = {Medium},
  	url = {https://medium.com/@markymetry/blockchain-technology-is-the-most-significant-invention-since-the-internet-and-electricity-f2d44a631ef6},
 	year = {2017},
    addendum = {(accessed: 15.02.2018)}
}

@article{bitcoinwhitepaper,
  	title = {Bitcoin: A Peer-to-Peer Electronic Cash System},
  	author = {Nakamoto, Satoshi},
  	url = {https://bitcoin.org/bitcoin.pdf},
 	year = {2008},
    addendum = {(accessed: 15.02.2018)}
}

@online{dotcombubble,
  	title = {Dotcom Bubble},
  	author = {Investopedia},
  	url = {https://www.investopedia.com/terms/d/dotcom-bubble.asp},
 	addendum = {(accessed: 15.02.2018)},
    year = {2018}
}

@online{btctxfee,
  	title = {Bitcoin Transaction Fees},
  	url = {https://bitcoinfees.info},
    addendum = {(accessed: 15.02.2018)},
    year = {2018}
}

@online{averagevisatx,
  	title = {Average amount spent per purchase transaction with Visa card in Europe from 2010 to 2015 (in euros)},
    author = {Statista},
  	url = {https://www.statista.com/statistics/440598/average-amount-spent-purchase-transaction-visa-card-europe/},
    addendum = {(accessed: 15.02.2018)},
 	year = {2015}
}

@article{bitcointhefutureofmoney,
  	title = {Here's why Bitcoin is the future of money},
    author = {Wood, Molly},
    journal = {Cnet},
  	url = {https://www.cnet.com/news/heres-why-bitcoin-is-the-future-of-money/},
    addendum = {(accessed: 15.02.2018)},
 	year = {2017}
}

@article{iceteablockchain,
  	title = {Iced tea maker soars 500\% after pivot to blockchain},
    journal = {Financial Times},
  	url = {https://www.ft.com/content/3fa91346-e670-11e7-8b99-0191e45377ec},
    addendum = {(accessed: 16.02.2018)},
 	year = {2017}
}

@article{erc20,
  	title = {{ERC}-20 Token Standard},
    journal = {Ethereum GitHub wiki},
    author = {Buterin, Vitalik and Vogelsteller, Fabian},
  	url = {https://github.com/ethereum/EIPs/blob/master/EIPS/eip-20.md},
    addendum = {(accessed: 18.02.2018)},
 	year = {2017}
}

@online{fiatmoney,
  	title = {Fiat money},
  	author = {Investopedia},
  	url = {https://www.investopedia.com/terms/f/fiatmoney.asp},
 	addendum = {(accessed: 19.02.2018)},
    year = {2018}
}

@article{ico,
  	title = {What is an {ICO}?},
  	author = {Langlois, Shawn},
    journal = {Market Watch},
  	url = {https://www.marketwatch.com/story/what-are-icos-and-why-is-the-sec-taking-steps-to-protect-investors-from-them-2017-07-27},
 	addendum = {(accessed: 20.02.2018)},
    year = {2017}
}

@article{poststats,
  	title = {Swedish post market 2017 ({S}wedish)},
  	author = {Baksa, Cecilia and Bjurö, Olof and Eriksson, Stina and Forslund, Lars and Hildingsson, Anders and Levin, Joakim and Lindberg, Pär and Maraschin, Emma and Selander, Sten},
    journal = {PTS},
  	url = {https://www.pts.se/globalassets/startpage/dokument/icke-legala-dokument/rapporter/2017/post/svensk-postmarknad-2017.pdf},
 	addendum = {(accessed: 21.02.2018)},
    year = {2017}
}

@online{idthefts,
  	title = {Facts + {S}tatistics: {I}dentity theft and cybercrime},
  	author = {Insurance Information Institute},
  	url = {https://www.iii.org/fact-statistic/facts-statistics-identity-theft-and-cybercrime},
 	addendum = {(accessed: 25.02.2018)},
    year = {2017}
}

@article{ripple,
  	title = {The Ripple Protocol Consensus Algorithm},
  	author = {Schwartz, David and Youngs, Noah and Britto, Arthur},
  	url = {https://ripple.com/files/ripple_consensus_whitepaper.pdf},
 	addendum = {(accessed: 01.03.2018)},
    year = {2014}
}

@online{ripplesecurenodes,
  	title = {{XRP} Ledger Decentralizes Further With Expansion to 55 Validator Nodes},
  	author = {Marquer, Sarah},
    journal = {Ripple Insights},
  	url = {https://ripple.com/insights/xrp-ledger-decentralizes-expansion-55-validator-nodes/},
 	addendum = {(accessed: 01.03.2018)},
    year = {2017}
}

@article{hyperledger,
  	title = {Introduction to Hyperledger Business Blockchain
Design Philosophy and Consensus},
  	author = {Hyperledger},
  	url = {https://www.hyperledger.org/wp-content/uploads/2017/08/Hyperledger_Arch_WG_Paper_1_Consensus.pdf},
 	addendum = {(accessed: 01.03.2018)},
    year = {2016}
}

@article{sia,
  	title = {Sia: Simple Decentralized Storage},
  	author = {Vorick, David and Champine, Luke},
  	url = {https://sia.tech/sia.pdf},
 	addendum = {(accessed: 01.03.2018)},
    year = {2014}
}

@article{storj,
  	title = {Storj: A Peer-to-Peer Cloud Storage Network},
  	author = {Wilkinson, Shawn and Boshevski, Tome and Brandoff, Josh and Prestwich, James and Hall, Gordon and Gerbes, Patrick and Hutchins, Philip and Pollard, Chris and Buterin, Vitalik},
  	url = {https://storj.io/storj.pdf},
 	addendum = {(accessed: 01.03.2018)},
    year = {2016}
}

@online{blocketuserdata,
  	title = {Policy of handling private user data ({S}wedish)},
  	author = {Blocket.se},
  	url = {https://www.blocket.se/personuppgiftspolicy.htm},
 	addendum = {(accessed: 07.03.2018)},
    year = {2018}
}

@online{etherscan,
  	title = {Ethereum blockchain explorer and search},
  	author = {Etherscan},
  	url = {https://etherscan.io/},
 	addendum = {(accessed: 07.03.2018)},
    year = {2018}
}

@online{opensourceadvantages,
  	title = {What is open source?},
  	author = {Opensource.com},
  	url = {https://opensource.com/resources/what-open-source},
 	addendum = {(accessed: 07.03.2018)},
    year = {2018}
}

@article{gpl,
  	title = {{GNU} {G}eneral {P}ublic {L}icense version 3},
  	journal = {Free Software Foundation},
  	url = {https://opensource.org/licenses/GPL-3.0},
 	addendum = {(accessed: 07.03.2018)},
    year = {2007}
}

@online{ethereumrepo,
  	title = {Ethereum {G}it{H}ub},
  	url = {https://github.com/ethereum},
 	addendum = {(accessed: 07.03.2018)},
    year = {2013}
}

@online{coinmarketcap,
  	title = {Cryptocurrency market capitalizations},
  	url = {https://www.coinmarketcap.com},
 	addendum = {(accessed: 08.03.2018)},
    year = {2018}
}

@article{ethereumturing,
  	title = {Ethereum: {T}uring-Completeness and Rich Statefulness Explained},
    author = {Wang, Kyle},
  	journal = {Hackernoon},
  	url = {https://hackernoon.com/ethereum-turing-completeness-and-rich-statefulness-explained-e650db7fc1fb},
 	addendum = {(accessed: 08.03.2018)},
    year = {2017}
}

@online{ether,
  	title = {What is {E}ther?},
  	url = {https://www.ethereum.org/ether},
 	addendum = {(accessed: 08.03.2018)},
    year = {2018}
}

@online{decentralizationdefinition,
  	title = {Decentralization - definition},
    author = {{The Free Dictionary}},
  	url = {http://www.thefreedictionary.com/decentralization},
 	addendum = {(accessed: 08.03.2018)},
    year = {2018}
}

@online{ethash,
  	title = {Ethash},
    author = {{Ethereum GitHub Wiki}},
  	url = {https://github.com/ethereum/wiki/wiki/Ethash},
 	addendum = {(accessed: 08.03.2018)},
    year = {2018}
}

@article{sha256,
  	title = {{SHA-256} and bitcoin mining},
    author = {Polieno, Oleksandr},
  	url = {http://nanvel.name/2016/09/sha256-bitcoin},
 	addendum = {(accessed: 09.03.2018)},
    year = {2017}
}

@article{dapp,
  	title = {What is a Decentralized Application?},
    author = {Hertig, Alyssa},
    journal = {Coindesk},
  	url = {https://www.coindesk.com/information/what-is-a-decentralized-application-dapp/},
 	addendum = {(accessed: 09.03.2018)},
    year = {2017}
}

@online{ethhashrate,
  	title = {Ethereum Network HashRate Growth Rate},
    author = {Etherscan},
  	url = {https://etherscan.io/chart/hashrate},
 	addendum = {(accessed: 09.03.2018)},
    year = {2018}
}

@online{ethgaslimit,
  	title = {Ethereum Average Gas Limit Chart},
    author = {Etherscan},
  	url = {https://etherscan.io/chart/gaslimit},
 	addendum = {(accessed: 20.05.2018)},
    year = {2018}
}

@online{whattomine,
  	title = {{What To Mine}},
  	url = {https://whattomine.com},
 	addendum = {(accessed: 09.03.2018)},
    year = {2018}
}

@online{worldpowerconsumption,
  	title = {Electric power consumption},
    author = {{The World Bank}},
  	url = {https://data.worldbank.org/indicator/EG.USE.ELEC.KH.PC},
 	addendum = {(accessed: 09.03.2018)},
    year = {2014}
}

@article{nxtpos,
  	title = {Nxt Network Energy and Cost Efficiency Analysis},
    author = {Czarnek, Matthew},
    journal = {Secondleo},
  	url = {https://www.scribd.com/document/254930279/Nxt-Network-Energy-and-Cost-Efficiency-Analysis},
 	addendum = {(accessed: 10.03.2018)},
    year = {2017}
}

@article{nxtwhitepaper,
  	title = {Nxt whitepaper},
    author = {{Nxt community}},
  	url = {https://bravenewcoin.com/assets/Whitepapers/NxtWhitepaper-v122-rev4.pdf},
 	addendum = {(accessed: 10.03.2018)},
    year = {2014}
}

@article{ethpos,
  	title = {Ethereum's Big Switch: The New Roadmap to Proof-of-Stake},
    author = {Hertig, Alyssa},
    journal = {Coindesk},
  	url = {https://www.coindesk.com/ethereums-big-switch-the-new-roadmap-to-proof-of-stake/},
 	addendum = {(accessed: 10.03.2018)},
    year = {2017}
}

@online{facebookserverpower,
  	title = {Electricity consumption by {F}acebook from 2011 to 2016 (in gigawatt hours)},
    author = {{Statista}},
  	url = {https://www.statista.com/statistics/580087/energy-use-of-facebook/},
 	addendum = {(accessed: 10.03.2018)},
    year = {2016}
}

@article{tether,
  	title = {Tether: Fiat currencies on the Bitcoin blockchain},
    author = {Tether},
  	url = {https://tether.to/wp-content/uploads/2016/06/TetherWhitePaper.pdf},
 	addendum = {(accessed: 10.03.2018)},
    year = {2015}
}

@online{ethprice,
  	title = {Cryptocurrency Market Capitalizations: {E}thereum},
    author = {Coinmarketcap},
  	url = {https://coinmarketcap.com/currencies/ethereum/},
 	addendum = {(accessed: 10.03.2018)},
    year = {2018}
}

@article{ethyellow,
  	title = {ETHEREUM: A SECURE DECENTRALISED GENERALISED TRANSACTION LEDGER},
    author = {Wood, Gavin},
  	url = {http://gavwood.com/Paper.pdf},
 	addendum = {(accessed: 11.03.2018)},
    year = {2014}
}

@online{ethtxpic,
  	title = {What is gas?},
    author = {MyEtherWallet},
  	url = {https://myetherwallet.github.io/knowledge-base/gas/what-is-gas-ethereum.html},
 	addendum = {(accessed: 11.03.2018)},
    year = {2018}
}

@online{ethgasstation,
  	title = {{ETH Gas Station}},
  	url = {https://ethgasstation.info/index.php},
 	addendum = {(accessed: 11.03.2018)},
    year = {2018}
}

@online{ddos,
  	title = {{Understanding Denial-of-Service Attacks}},
    author = {{US-CERT}},
  	url = {https://www.us-cert.gov/ncas/tips/ST04-015},
 	addendum = {(accessed: 13.03.2018)},
    year = {2009}
}

@article{a10networks,
  	title = {Data center {DDoS} protection},
    author = {{A10 Networks}},
  	url = {https://www.a10networks.com/sites/default/files/A10-SB-19140-EN.pdf},
 	addendum = {(accessed: 13.03.2018)},
    year = {2017}
}

@online{cloudfare,
  	title = {Protect Against DDoS Attack},
    author = {Cloudfare},
  	url = {https://www.cloudflare.com/ddos/},
 	addendum = {(accessed: 13.03.2018)},
    year = {2017}
}

@online{51perattack,
  	title = {51\% attack},
    author = {{Learn Cryptography}},
  	url = {https://learncryptography.com/cryptocurrency/51-attack},
 	addendum = {(accessed: 14.03.2018)},
    year = {2018}
}

@article{ethdiffadj,
  	title = {How Difficulty Adjustment Algorithm Works in Ethereum},
    author = {{DLT Labs News}},
  	url = {https://dltlabs.io/how-difficulty-adjustment-algorithm-works-in-ethereum/},
 	addendum = {(accessed: 14.03.2018)},
    year = {2017}
}

@article{ecdsa,
  	title = {{ECDSA Security in Bitcoin and Ethereum: a Research
Survey}},
    author = {Mayer, Hartwig},
    journal = {CoinFabrik},
  	url = {https://blog.coinfabrik.com/wp-content/uploads/2016/06/ECDSA-Security-in-Bitcoin-and-Ethereum-a-Research-Survey.pdf},
 	addendum = {(accessed: 15.03.2018)},
    year = {2016}
}

@article{ebay,
  	title = {{eBay's expert tips for selling your preloved stuff}},
    author = {eBay},
  	url = {https://www.garagesaletrail.com.au/content/ebay%E2%80%99s-expert-tips-selling-your-preloved-stuff},
 	addendum = {(accessed: 18.03.2018)},
    year = {2017}
}

@article{dialup,
  	title = {Why is 56k the fastest dialup modem speed?},
    author = {Freeman, Alex},
    journal = {10stripe},
  	url = {http://www.10stripe.com/articles/why-is-56k-the-fastest-dialup-modem-speed.php},
 	addendum = {(accessed: 18.03.2018)},
    year = {2007}
}

@article{dao,
  	title = {{The DAO, The Hack, The Soft Fork and The Hard Fork}},
    author = {Madeira, Antonio},
    journal = {Crypto Compare},
  	url = {https://www.cryptocompare.com/coins/guides/the-dao-the-hack-the-soft-fork-and-the-hard-fork/},
 	addendum = {(accessed: 18.03.2018)},
    year = {2018}
}


@article{pubvssym,
  	title = {{Symmetric vs. Asymmetric Encryption – What are differences?}},
    author = {SSL2BUY},
  	url = {https://www.ssl2buy.com/wiki/symmetric-vs-asymmetric-encryption-what-are-differences},
 	addendum = {(accessed: 19.03.2018)},
    year = {2018}
}

@article{mysqladvantages,
  	title = {{8 Advantages of Using MySQL}},
    author = {{DevOps.com}},
  	url = {https://devops.com/8-advantages-using-mysql/},
 	addendum = {(accessed: 26.04.2018)},
    year = {2017}
}

@article{dfa,
  	title = {{Finite Automata Introduction}},
    author = {{GeeksforGeeks}},
  	url = {https://www.geeksforgeeks.org/toc-finite-automata-introduction/},
 	addendum = {(accessed: 26.04.2018)},
    year = {2018}
}

@online{wordnik,
  	title = {{Wordnik API}},
  	url = {http://developer.wordnik.com/},
 	addendum = {(accessed: 07.05.2018)},
    year = {2018}
}

@online{gitapi,
  	title = {{Securepackage-API GitHub repository}},
    author = {Khamrakulov, Maxim},
  	url = {https://github.com/data-ductus/securepackage-api},
 	addendum = {(accessed: 08.05.2018)},
    year = {2018}
}

@online{gitsim,
  	title = {{Securepackage-Simulation GitHub repository}},
    author = {Khamrakulov, Maxim and Vallin, Axel},
  	url = {https://github.com/data-ductus/securepackage-simulation},
 	addendum = {(accessed: 08.05.2018)},
    year = {2018}
}

@online{gitapp,
  	title = {{Securepackage-Centralized GitHub repository}},
    author = {Khamrakulov, Maxim},
  	url = {https://github.com/data-ductus/securepackage-centralized},
 	addendum = {(accessed: 08.05.2018)},
    year = {2018}
}

@online{teliacoverage,
  	title = {{Cellular network coverage maps of Sweden}},
    author = {Telia},
  	url = {https://www.telia.se/privat/support/tackningskartor},
 	addendum = {(accessed: 08.05.2018)},
    year = {2018}
}

@article{5gtesting,
  	title = {{25 mobile operators already testing 5G technology}},
    author = {Daniels, Guy},
    journal = {Telecom TV},
  	url = {http://www.telecomtv.com/articles/5g/25-mobile-operators-already-testing-5g-technology-14394/},
 	addendum = {(accessed: 08.05.2018)},
    year = {2017}
}

@online{ssl,
  	title = {{What is SSL, TLS and HTTPS?}},
    author = {Symantec},
  	url = {https://www.websecurity.symantec.com/security-topics/what-is-ssl-tls-https},
 	addendum = {(accessed: 14.05.2018)},
    year = {2018}
}

@online{pingstats,
  	title = {{Ping times between WonderNetwork servers}},
    author = {{Global Ping Statistics}},
  	url = {https://wondernetwork.com/pings},
 	addendum = {(accessed: 15.05.2018)},
    year = {2018}
}

@online{ethminingpools,
  	title = {{Ethereum Mining Pools Impact}},
    author = {{Blockchain Tools}},
  	url = {https://investoon.com/charts/mining/eth},
 	addendum = {(accessed: 15.05.2018)},
    year = {2018}
}

@online{faceusers,
  	title = {{Facebook: number of monthly active users worldwide 2008-2018}},
    author = {{Statista}},
  	url = {https://www.statista.com/statistics/264810/number-of-monthly-active-facebook-users-worldwide/},
 	addendum = {(accessed: 17.05.2018)},
    year = {2018}
}

@online{testrpc,
  	title = {{Truffle GitHub repository}},
    author = {{Truffle community}},
  	url = {https://github.com/trufflesuite/truffle},
 	addendum = {(accessed: 17.05.2018)},
    year = {2018}
}

@online{cod,
  	title = {{Cash on Delivery (COD)}},
    author = {{Postnord}},
  	url = {https://www.postnord.se/en/business/sending/domestic/additional-services/cash-on-delivery},
 	addendum = {(accessed: 18.05.2018)},
    year = {2018}
}

@article{axelrapport,
  	title = {{Secure Delivery System Using Blockchain Technology}},
    author = {Vallin, Axel},
 	addendum = {(accessed: 14.05.2018)},
    year = {2018}
}

@article{rsakeys,
  	title = {{RSA Key Sizes: 2048 or 4096 bits?}},
    author = {Pocock, Daniel},
  	url = {https://danielpocock.com/rsa-key-sizes-2048-or-4096-bits},
 	addendum = {(accessed: 18.05.2018)},
    year = {2013}
}

@article{mitm,
  	title = {{Man In The Middle (MITM) Attack}},
    author = {Veracode},
  	url = {https://www.veracode.com/security/man-middle-attack},
 	addendum = {(accessed: 18.05.2018)},
    year = {2018}
}

@article{wust2017you,
  	title={Do you need a Blockchain?},
  	author={W{\"u}st, Karl and Gervais, Arthur},
  	journal={IACR Cryptology ePrint Archive},
  	pages={375},
  	year={2017},
    addendum = {(accessed: 18.05.2018)},
}

@article{soliditybad,
  	title={Why {S}olidity isn’t solid},
  	author={Hibryda},
  	journal={Medium},
  	year={2016},
    addendum = {(accessed: 23.04.2018)},
}

@article{venezimbab,
  	title={{Venezuela And Zimbabwe: The Worst Of Times And Even Worse Of Times}},
  	author={Cantelmi, Marcelo},
  	journal={Worldcrunch},
  	year={2017},
    url={https://www.worldcrunch.com/world-affairs/venezuela-and-zimbabwe-the-worst-of-times-and-even-worse-of-times},
    addendum = {(accessed: 28.05.2018)},
}

@article{alexisdfa,
  	title={Automata and Computability},
  	author={Maciel, Alexis},
  	journal={Clarkson University},
  	year={2017},
    url = {http://people.clarkson.edu/~alexis/CS345/Notes/notes.pdf},
    pages={4},
    addendum = {(accessed: 27.05.2018)},
}

@article{oyente,
  	title={Making Smart Contracts Smarter},
  	author={Luu, Loi and Chu, Duc Hiep and Olicke, Hrishil and Saxena, Prateek and Hobor, Aquinas},
  	journal={Cryptology ePrint Archive},
  	year={2017},
    url = {https://eprint.iacr.org/2016/633},
    addendum = {(accessed: 05.06.2018)},
}

@online{merkle,
  	title = {{Bitcoin Developer Guide}},
    author = {{Bitcoin Project}},
  	url = {https://bitcoin.org/en/developer-guide#block-chain-overview},
 	addendum = {(accessed: 20.05.2018)},
    year = {2018}
}

@online{walletseed,
  	title = {{IOTA Seed Generator}},
    author = {{IOTAseed Github Community}},
  	url = {https://iotaseed.io/},
 	addendum = {(accessed: 20.05.2018)},
    year = {2018}
}

@online{dropbox,
  	title = {{Dropbox Buisness}},
    author = {{Dropbox}},
  	url = {https://www.dropbox.com/business/buy#0},
 	addendum = {(accessed: 20.05.2018)},
    year = {2018}
}

@online{angular,
  	title = {{What is Angular?}},
    author = {{Google Inc.}},
  	url = {https://angular.io/docs},
 	addendum = {(accessed: 20.05.2018)},
    year = {2018}
}

@online{mapsapi,
  	title = {{Overview: Directions API}},
    author = {{Google Inc.}},
  	url = {https://developers.google.com/maps/documentation/directions/intro},
 	addendum = {(accessed: 20.05.2018)},
    year = {2018}
}